@misc{VA17,
author = {Mathy Vanhoef},
title = "KRACK Attacks: Breaking WPA2",
url = {https://www.krackattacks.com},
type = {web page},
note="[Accessed 25 May 2018]",
howpublished = "[online]"
}

@misc{VA18,
author = {Mathy Vanhoef},
title = "Auditing KRACKs in Wi-Fi",
url = {https://www.krackattacks.com/followup.html},
type = {web page},
year = {{2018}},
note="[Accessed 30 October 2018]",
howpublished = "[online]"
}

@misc{ie18_timeline, 
author={{IEEE, Inc.}},
title={Official IEEE 802.11, Working Group Project Timelines - 2018-11-21}, url={http://grouper.ieee.org/groups/802/11/Reports/802.11_Timelines.htm}, journal={IEEE 802.11, The Working Group Setting the Standards for Wireless LANs}, 
publisher={ The Institute of Electrical and Electronics Engineers, Inc. (IEEE).},
type = {web page},
year = {{2018}},
note="[Accessed 2 December 2018]",
howpublished = "[online]"}

@inproceedings{VA_ccs2017,
author        = {Mathy Vanhoef and Frank Piessens},
title         = {Key Reinstallation Attacks: Forcing Nonce Reuse in {WPA2}},
booktitle     = {Proceedings of the 24th ACM Conference on Computer and Communications Security (CCS)},
year          = {2017},
publisher     = {ACM}
}

@inproceedings{VA_ccs2018,
  author        = {Mathy Vanhoef and Frank Piessens},
  title         = {Release the Kraken: new {KRACKs} in the 802.11 Standard},
  booktitle     = {Proceedings of the 25th ACM Conference on Computer and Communications Security (CCS)},
  year          = {2018},
  publisher     = {ACM}
}

@inproceedings{Va_2014,
 author = {Vanhoef, Mathy and Piessens, Frank},
 title = {Advanced Wi-Fi Attacks Using Commodity Hardware},
 booktitle = {Proceedings of the 30th Annual Computer Security Applications Conference},
 series = {ACSAC '14},
 year = {2014},
 isbn = {978-1-4503-3005-3},
 location = {New Orleans, Louisiana, USA},
 pages = {256--265},
 numpages = {10},
 doi = {10.1145/2664243.2664260},
 acmid = {2664260},
 publisher = {ACM},
 address = {New York, NY, USA},
} 

@book{ANNA16,
Author = {Anandamurugan, S. and Nandhini, P. S.},
ISBN = {9781634851787},
Publisher = {Nova Science Publishers, Inc},
Series = {Computer Science, Technology and Applications},
Title = {Wireless Networks.},
URL = {http://search.ebscohost.com.ezproxy.techlib.cz/login.aspx?direct=true&db=nlebk&AN=1385389&lang=cs&site=ehost-live},
Year = {2016},
}

@book{Ro17,
Author={{Robertazzi,Thomas G.}},
ISBN={9783319531021;3319531026;},
Publisher={Springer Verlag},
Title={Introduction to Computer Networking},
Year={2017},
Edition={1st 2017},
Language={English},
}

@book{GA05,
 author = {{Gast, Matthew S}},
 title = {802.11 Wireless Networks: The Definitive Guide, Second Edition},
 year = {2005},
 isbn = {0596100523},
 publisher = {O'Reilly Media, Inc.},
} 

@inproceedings{JJ92,
    author = "{J. Jiang and S. Jones}",
    title = "Word-based dynamic algorithms for data compression",
    booktitle = "Communications, Speech and Vision",
    pages = "582--586",
    volume = "139",
    year = "1992",
    month = "December"
}

@inproceedings{HC92,
    author = "{R. Nigel Horspool and Gordon V. Cormack}",
    title = "Constructing Word-Based Text Compression Algorithms",
    booktitle = "Data Compression Conference",
    pages = "62--71",
    year = "1992"
}

@ARTICLE{LZ77,
	AUTHOR       = "{Jacob Ziv and Abraham Lempel}",
	TITLE        = "A Universal Algorithm for Sequential Data Compression",
	JOURNAL      = "IEEE Transactions on Information Theory",
	YEAR         = "1977",
	VOLUME       = "23",
	NUMBER       = "3",
	PAGES        = "337--343",
	MONTH        = "May",
	NOTE         = ""
}

@article{Cam-Winget03,
 author = {Cam-Winget, Nancy and Housley, Russ and Wagner, David and Walker, Jesse},
 title = {Security Flaws in 802.11 Data Link Protocols},
 journal = {Commun. ACM},
 issue_date = {May 2003},
 volume = {46},
 number = {5},
 month = may,
 year = {2003},
 issn = {0001-0782},
 pages = {35--39},
 numpages = {5},
 doi = {10.1145/769800.769823},
 acmid = {769823},
 publisher = {ACM},
 address = {New York, NY, USA},
} 

@article{MuTo18,
author = {Muchenje, Tonderai and Muyingi, Hippolyte},
year = {2018},
month = {12},
pages = {},
title = {An Overview of Security Issues on a Converged WiFi and WiMAX Network}
}

@misc{lmsc802, 
author = {{LMSC}}, 
title={LAN/MAN Standards Committee (Project 802)}, 
url={http://www.ieee802.org/}, 
journal={LMSC, LAN/MAN Standards Committee (Project 802)},
note="[Accessed 20 November 2018]",
howpublished = "[online]"
}

@misc{lmsc80211, 
author = {{LMSC}}, 
title={IEEE 802.11TM WIRELESS LOCAL AREA NETWORKS}, 
url={http://www.ieee802.org/11/}, 
journal={LMSC, LAN/MAN Standards Committee (Project 802)},
note="[Accessed 20 November 2018]",
howpublished = "[online]"}

@ARTICLE{HI10, 
author={G. R. Hiertz and D. Denteneer and L. Stibor and Y. Zang and X. P. Costa and B. Walke}, 
journal={IEEE Communications Magazine}, 
title={The IEEE 802.11 universe}, 
year={2010}, 
volume={48}, 
number={1}, 
pages={62-70}, 
keywords={IEEE standards;wireless LAN;IEEE 802.11 standards;cellular phones;VoIP phones;MP3 players;Blu-Ray players;wireless LAN;Media Access Protocol;Wireless LAN;OFDM;Spread spectrum communication;IEEE 802.11n Standard}, 
doi={10.1109/MCOM.2010.5394032}, 
ISSN={0163-6804}, 
month={January}}

@article{PHY13,
author = {{Tektronix, Primer}},
year = {2013},
journal = {Tektronix},
month = {11},
pages = {},
title = {Wi-Fi: Overview of the 802.11 Physical Layer
and Transmitter Measurements}
}

@ARTICLE{ieee802.11_1997, 
author={{IEEE}}, 
journal={IEEE Std 802.11-1997}, 
title={IEEE Standard for Wireless LAN Medium Access Control (MAC) and Physical Layer (PHY) specifications}, 
year={1997}, 
volume={}, 
number={}, 
pages={1-445}, 
keywords={infrared;LAN;local area network;wireless;radio frequency;ad hoc network}, 
doi={10.1109/IEEESTD.1997.85951}, 
ISSN={}, 
month={Nov}}

@ARTICLE{ieee802.11i_2004, 
author={{IEEE}}, 
journal={IEEE Std 802.11i-2004}, 
title={IEEE Standard for information technology-Telecommunications and information exchange between systems-Local and metropolitan area networks-Specific requirements-Part 11: Wireless LAN Medium Access Control (MAC) and Physical Layer (PHY) specifications: Amendment 6: Medium Access Control (MAC) Security Enhancements}, 
year={2004}, 
volume={}, 
number={}, 
pages={1-190}, 
keywords={AES;authentication;CCM;CCMP;confidentiality;countermeasures;data authenticity;EAPOL-Key;4-Way Handshake;Group Key Handshake;IEEE 802.1X;key management;key mixing;Michael;RC4;replay protection;robust security network}, 
doi={10.1109/IEEESTD.2004.94585}, 
ISSN={}, 
month={July},}

@ARTICLE{ieee802.11r_2008, 
author={{IEEE}}, 
journal={IEEE Std 802.11r-2008 (Amendment to IEEE Std 802.11-2007 as amended by IEEE Std 802.11k-2008)}, 
title={IEEE Standard for Information technology-- Local and metropolitan area networks-- Specific requirements-- Part 11: Wireless LAN Medium Access Control (MAC) and Physical Layer (PHY) Specifications Amendment 2: Fast Basic Service Set (BSS) Transition}, 
year={2008}, 
volume={}, 
number={}, 
pages={1-126}, 
keywords={access protocols;IEEE standards;telecommunication standards;wireless LAN;information technology;information exchange;metropolitan area network;medium access control;IEEE Std 802.11-2007;wireless local area networks;WLAN;Amendment 2;fast basic service set transition;wireless LAN MAC specifications;wireless LAN PHY specifications;physical layer;IEEE Std 802.11r-2008;802.11r-2008;LAN;local area network;wireless LAN;WLAN}, 
doi={10.1109/IEEESTD.2008.4573292}, 
ISSN={}, 
month={July},}

@misc{RE18, 
author={{Electronics Notes}},
title={IEEE 802.11g Wi-Fi Tutorial}, 
url={https://www.radio-electronics.com/info/wireless/wi-fi/ieee-802-11g.php}, 
journal={Operational Amplifier Calculation Equations | Radio-Electronics.com}, 
publisher={radio-electronics},
note="[Accessed 20 November 2018]",
howpublished = "[online]"}

@misc{wi-fi6, title={Wi-Fi 6}, 
author={{Wi-Fi Alliance}},
url={https://www.wi-fi.org/discover-wi-fi/wi-fi-6}, 
journal={Wi-Fi Alliance},
note="[Accessed 20 November 2018]",
howpublished = "[online]"}

@misc{acm_ccs_blog, 
author={{ACM CCS}},
title={CCS 2017 - Session 3F Â· ACM CCS Blog}, 
url={https://acmccs.github.io/session-F3/}, 
journal={ACM CCS Blog}, 
year={2017}, 
month={},
note="[Accessed 25 May 2018]",
howpublished = "[online]"}

@misc{black_hat_europe_2017, 
author={{Black Hat}},
title={Black Hat Europe 2017}, url={https://www.blackhat.com/eu-17/briefings/schedule/\#key-reinstallation-attacks-breaking-the-wpa2-protocol-8861}, 
journal={Black Hat Technical Security Conference: USA 2011 // Venue},
note="[Accessed 25 May 2018]",
howpublished = "[online]"}

@misc{youtubeKRACK,
title = {KRACK Attacks: Bypassing WPA2 against Android and Linux},
date = {10/16/2017},
organization = {Youtube},
author = {Mathy Vanhoef},
url = {https://www.youtube.com/watch?v=Oh4WURZoR98},
note="[Accessed 25 May 2018]",
howpublished = "[online]",
}

@misc{ieee-sa_ai, 
title={IEEE Announces Significant Enhancements Available with Release of IEEE 802.11ai and IEEE 802.11 Wireless Standards}, 
url={https://standards.ieee.org/news/2017/ieee-802-11.html}, 
journal={IEEE-SA - The IEEE Standards Association - Home},
note="[Accessed 15 November 2018]",
howpublished = "[online]"}

@misc{wi-finigel_2017, 
title={Which Channels Can I Use On The 2.4GHz Band for Wi-Fi Networks?}, 
url={https://wififorbeginners.com/2016/11/27/which-channels-can-i-use-on-the-2-4ghz-band-for-wi-fi-networks/}, journal={WiFi For Beginners}, 
author={{Wi-FiNigel}}, year={2017}, month={Jan},
note="[Accessed 20 November 2018]",
howpublished = "[online]"}

@ARTICLE{revision2016, 
author={{IEEE}}, 
journal={IEEE Std 802.11-2016 (Revision of IEEE Std 802.11-2012)}, 
title={IEEE Standard for Information technology--Telecommunications and information exchange between systems Local and metropolitan area networks--Specific requirements - Part 11: Wireless LAN Medium Access Control (MAC) and Physical Layer (PHY) Specifications}, 
year={2016}, 
volume={}, 
number={}, 
pages={1-3534}, 
keywords={IEEE Standards;Wireless LAN;Media Access Protocol;Physical layer;Dynamic scheduling;Information exchange;Authentication;White spaces;Array signal processing;2.4 GHz;256-QAM;3650 MHz;4.9 GHz;5 GHz;5.9 GHz;60 GHz;advanced encryption standard;AES;audio;beamforming;carrier sense multiple access/collision avoidance;CCMP;channel switching;clustering;contention based access period;Counter mode with Cipherblock chaining Message authentication code Protocol;confidentiality;CSMA/CA;DFS;direct link;directional multi-gigabit;dynamic allocation of service period;dynamic extension of service period;dynamic frequency selection;dynamic truncation of service period;E911;EDCA;emergency alert system;emergency services;fast session transfer;forwarding;GCMP;generic advertisement service;high throughput;IEEE 802.11(TM);international roaming;interworking;interworking with external networks;LAN;local area network;MAC;management;measurement;medium access control;media-independent handover;medium access controller;mesh;MIH;millimeter-wave;MIMO;MIMO-OFDM;multi-band operation;multi-hop;multi-user MIMO;multiple input multiple output;network advertisement;network discovery;network management;network selection;noncontiguous frequency segments;OCB;path-selection;personal basic service set;PHY;physical layer;power saving;QoS;quality of service;quality-of-service management frame;radio;radio frequency;RF;radio resource;radio management;relay operation;spatial sharing;SSPN;subscriber service provider;television white spaces;TPC;transmit power control;video;wireless access in vehicular environments;wireless LAN;wireless local area network;WLAN;wireless network management;zero-knowledge proof}, 
doi={10.1109/IEEESTD.2016.7786995}, 
ISSN={}, 
month={Dec},}

@INPROCEEDINGS{finalNailWEP, 
author={A. Bittau and M. Handley and J. Lackey}, 
booktitle={2006 IEEE Symposium on Security and Privacy (S P'06)}, 
title={The final nail in WEP's coffin}, 
year={2006}, 
volume={}, 
number={}, 
pages={15 pp.-400}, 
keywords={cryptography;wireless LAN;802.11 encryption standard;Wired Equivalent Privacy;WEP network;data packet real-time decryption;WEP re-keying;Nails;Cryptography;Privacy;Protection;Educational institutions;Security;Monitoring;Wireless networks;Hardware;History}, 
doi={10.1109/SP.2006.40}, 
ISSN={1081-6011}, 
month={May},}

@misc{wpa3, 
author={{Wi-Fi Alliance}},
title={Wi-Fi Alliance introduces security enhancements},
url={https://www.wi-fi.org/news-events/newsroom/wi-fi-alliance-introduces-security-enhancements}, 
journal={Wi-Fi Alliance}, year={2018}, month={Jan},
note="[Accessed 25 May 2018]",
howpublished = "[online]"}

@misc{ccs_18_program, title={CCS 2018: Program}, url={https://www.sigsac.org/ccs/CCS2018/program/#crypto-attacks}, journal={CCS '15- Proceedings of the 22nd ACM SIGSAC Conference on Computer and Communications Security},
note="[Accessed 25 May 2018]",
howpublished = "[online]"}

@misc{vanhoef_2018_WPA3, title={WPA3: A Missed Opportunity}, url={https://www.mathyvanhoef.com/2018/06/wpa3-missed-opportunity.html}, journal={Mathy Vanhoef, PhD}, author={Vanhoef, Mathy}, year={2018}, month={Jun},
note="[Accessed 12 November 2018]",
howpublished = "[online]"}

@article{MEKHAZNIA_2015,
title = "Wi-Fi Security Analysis",
journal = "Procedia Computer Science",
volume = "73",
pages = "172 - 178",
year = "2015",
note = "International Conference on Advanced Wireless Information and Communication Technologies (AWICT 2015)",
issn = "1877-0509",
doi = "https://doi.org/10.1016/j.procs.2015.12.009",
author = "Tahar Mekhaznia and Abdelmadjid Zidani"}

@ARTICLE{IEEE802_11ad, 
author={{IEEE}}, 
journal={IEEE Std 802.11ad-2012 (Amendment to IEEE Std 802.11-2012, as amended by IEEE Std 802.11ae-2012 and IEEE Std 802.11aa-2012)}, 
title={IEEE Standard for Information technology--Telecommunications and information exchange between systems--Local and metropolitan area networks--Specific requirements-Part 11: Wireless LAN Medium Access Control (MAC) and Physical Layer (PHY) Specifications Amendment 3: Enhancements for Very High Throughput in the 60 GHz Band}, 
year={2012}, 
volume={}, 
number={}, 
pages={1-628}, 
keywords={access protocols;IEC standards;ISO standards;metropolitan area networks;wireless LAN;ISO-IEC-IEEE international standard;information technology;metropolitan area networks;local area networks;wireless LAN medium access control;MAC;physical layer;PHY specifications amendment;IEEE Std 802.11ad-2012;IEEE standards;Local area networks;Metropolitan area networks;Standards Board;Media Access Protocol;Physical layer;60 GHz;A-BFT;announcement transmission interval;association beamforming training time;ATI;beacon transmission interval;beamforming;BTI;CBAP;clustering;contention-based access period;directional multi-gigabit;DMG;dynamic allocation of service period;dynamic extension of service period;dynamic truncation of service period;fast session transfer;FST;GCMP;IEEE 802.11ad;millimeter-wave;multi-band operation;PBSS;PBSS control point;PCP;personal basic service set;relay operation;service period;SP;spatial sharing}, 
doi={10.1109/IEEESTD.2012.6392842}, 
ISSN={}, 
month={Dec},}

@misc{TKIP_deprecated, title={Technical Note Removal of TKIP from Wi-Fi Devices}, url={https://www.wi-fi.org/download.php?file=/sites/default/files/private/Wi-Fi_Alliance_Technical_Note_TKIP_v1.0.pdf}, journal={Wi-Fi Alliance}, 
author={{Wi-Fi Alliance}}, year={2015}, month={Mar},
note="[Accessed 2 November 2018]",
howpublished = "[online]"}

@ARTICLE{IEEE_802.11e_2005, 
author={{IEEE}}, 
journal={IEEE Std 802.11e-2005 (Amendment to IEEE Std 802.11, 1999 Edition (Reaff 2003)}, 
title={IEEE Standard for Information technology--Local and metropolitan area networks--Specific requirements--Part 11: Wireless LAN Medium Access Control (MAC) and Physical Layer (PHY) Specifications - Amendment 8: Medium Access Control (MAC) Quality of Service Enhancements}, 
year={2005}, 
volume={}, 
number={}, 
pages={1-212}, 
keywords={access protocols;quality of service;wireless LAN;medium access control;MAC;local area network;LAN;IEEE Std. 802.11e-2005;quality of service;QoS;physical layer;PHY;voice;audio;video;IEEE 802.11;wireless LANs;WLANs;BA;block acknowledgement;carrier sense multiple access/collision avoidance;CSMA/ CA;priority;polling;power save;QoS;quality of service;traffic stream Reference Standards: ISO/IEC 15802-3;Information Technology--Telecommunications and infor}, 
doi={10.1109/IEEESTD.2005.97890}, 
ISSN={}, 
month={Nov},}

@ARTICLE{IEEE802_11ai_2016, 
author={IEEE}, 
journal={IEEE Std 802.11ai-2016 (Amendment to IEEE Std 802.11-2016)}, 
title={IEEE Standard for Information technology--Telecommunications and information exchange between systems - Local and metropolitan area networks--Specific requirements Part 11: Wireless LAN Medium Access Control (MAC) and Physical Layer (PHY) Specifications Amendment 1: Fast Initial Link Setup}, 
year={2016}, 
volume={}, 
number={}, 
pages={1-164}, 
keywords={access protocols;computer network security;IEEE standards;information technology;metropolitan area networks;wireless LAN;IEEE standard;information technology;telecommunications exchange;information exchange;local area networks;metropolitan area networks;wireless LAN;medium access control;MAC;physical layer specifications;fast initial link setup;IEEE Std 802.11 networks;robust security network association;IEEE Std 802.11ai-2016;IEEE Standards;Security;Information technology;Telecommunication services;Information exchange;Local area networks;amendment;Fast Initial Link setup;FILS;IEEE 802.11ai(TM)}, 
doi={10.1109/IEEESTD.2016.7792308}, 
ISSN={}, 
month={Dec},}

@ARTICLE{IEEE_802_11z_2010, 
author={{IEEE}}, 
journal={IEEE Std 802.11z-2010 (Amendment to IEEE Std 802.11-2007 as amended by IEEE Std 802.11k-2008, IEEE Std 802.11r-2008, IEEE Std 802.11y-2008, IEEE Std 802.11w-2009, IEEE Std 802.11n-2009, and IEEE Std 802.11p-2010)}, 
title={IEEE Standard for Information technology-- Local and metropolitan area networks-- Specific requirements-- Part 11: Wireless LAN Medium Access Control (MAC) and Physical Layer (PHY) specifications Amendment 7: Extensions to Direct-Link Setup (DLS)}, 
year={2010}, 
volume={}, 
number={}, 
pages={1-96}, 
keywords={access protocols;IEEE standards;metropolitan area networks;wireless LAN;IEEE Standard;information technology;information exchange;local area networks;metropolitan area networks;wireless LAN medium access control;physical layer specifications;PHY specifications;DLS;direct-link setup enhancements;IEEE 802.11 MAC and PHY;access point;power save capability;protocol messages;IEEE standards;Information technology;Local area networks;Metropolitan area networks;channel switching;direct link;off-channel direct link;power saving;tunneled directlink setup}, 
doi={10.1109/IEEESTD.2010.5605400}, 
ISSN={}, 
month={Oct},}

@techreport{RFC6696,
  author = {Z. Cao and B. He and Y. Shi and Q. Wu and G. Zorn},
  title = {EAP Extensions for the EAP Re-authentication Protocol (ERP)},
  howpublished = {Internet Requests for Comments},
  type = {RFC},
  number = {6696},
  year = {2012},
  month = {July},
  issn = {2070-1721},
  publisher = {RFC Editor},
  institution = {RFC Editor},
}

@article{culpepper_2000merriam, title={MerriamâWebster Online: The Language Center The Staff of MerriamâWebster.}, 
volume={4}, DOI={10.1108/err.2000.4.1_2.9.11}, number={1/2}, journal={Electronic Resources Review}, author={Culpepper, Jetta Carol}, year={2000}, pages={9â11}}

@misc{captureSetupWireshark, title={CaptureSetup/WLAN - The Wireshark Wiki}, url={https://wiki.wireshark.org/CaptureSetup/WLAN}, journal={CaptureSetup/Offloading - The Wireshark Wiki}, author={{Wireshark Wiki Contributors}},
note="[Accessed 1 November 2018]",
howpublished = "[online]"}

@misc{acrylic_wifi, title={monitor mode WiFi cards under windows with Acrylic}, url={https://www.acrylicwifi.com/en/support-webinars-wifi-wireless-network-software-tools/compatible-hardware/}, journal={Compatible monitor mode Wi-Fi cards under windows}, author={Acrylic Wifi},
note="[Accessed 30 November 2018]",
howpublished = "[online]"}

@misc{vanhoefm_2018_scripts, title={Project krackattacks-scripts}, url={https://github.com/vanhoefm/krackattacks-scripts}, journal={GitHub}, author={{Vanhoefm}}, year={2018},
note="[Accessed 4 July 2018]",
howpublished = "[online]"}

@inproceedings{He:2005:MCP:1102120.1102124,
 author = {He, Changhua and Sundararajan, Mukund and Datta, Anupam and Derek, Ante and Mitchell, John C.},
 title = {A Modular Correctness Proof of IEEE 802.11I and TLS},
 booktitle = {Proceedings of the 12th ACM Conference on Computer and Communications Security},
 series = {CCS '05},
 year = {2005},
 isbn = {1-59593-226-7},
 location = {Alexandria, VA, USA},
 pages = {2--15},
 numpages = {14},
 doi = {10.1145/1102120.1102124},
 acmid = {1102124},
 publisher = {ACM},
 address = {New York, NY, USA},
 keywords = {IEEE 802.11i, TLS, protocol composition logic},
} 

@inproceedings{Jonsson:2002:SCC:646558.694897,
 author = {Jonsson, Jakob},
 title = {On the Security of CTR + CBC-MAC},
 booktitle = {Revised Papers from the 9th Annual International Workshop on Selected Areas in Cryptography},
 series = {SAC '02},
 year = {2003},
 isbn = {3-540-00622-2},
 pages = {76--93},
 numpages = {18},
 url = {http://dl.acm.org/citation.cfm?id=646558.694897},
 acmid = {694897},
 publisher = {Springer-Verlag},
 address = {London, UK, UK},
 keywords = {AES, authenticated encryption, modes of operation},
} 

@inproceedings{Vanhoef:2014,
 author = {Vanhoef, Mathy and Piessens, Frank},
 title = {Advanced Wi-Fi Attacks Using Commodity Hardware},
 booktitle = {Proceedings of the 30th Annual Computer Security Applications Conference},
 series = {ACSAC '14},
 year = {2014},
 isbn = {978-1-4503-3005-3},
 location = {New Orleans, Louisiana, USA},
 pages = {256--265},
 numpages = {10},
 doi = {10.1145/2664243.2664260},
 acmid = {2664260},
 publisher = {ACM},
 address = {New York, NY, USA},
} 

@misc{carnegie_mellon_university_2017, title={CERT Coordination Center}, url={https://www.kb.cert.org/vuls/id/228519/}, journal={Vulnerability Note VU#240311 - Multiple Bluetooth implementation vulnerabilities affect many devices}, author={{Carnegie Mellon University}}, year={2017}, month={Nov},
note="[Accessed 1 November 2018]",
howpublished = "[online]"}

@misc{kristate_2018, title={Project krackinfo}, url={https://github.com/kristate/krackinfo}, journal={GitHub}, author={{Kristate}}, year={2018}, month={Jan},
note="[Accessed 20 November 2018]",
howpublished = "[online]"}

@article{MichaelIsWeak,
author = {Beck, Martin and Tews, Erik},
year = {2008},
month = {01},
pages = {472},
title = {Practical attacks against WEP and WPA},
volume = {2008},
journal = {IACR Cryptology ePrint Archive},
doi = {10.1145/1514274.1514286}
}

@inproceedings{ccmpTheoreticalAttacks,
  TITLE = {{On the Security of the CCM Encryption Mode and of a Slight Variant}},
  AUTHOR = {Fouque, Pierre-Alain and Martinet, Gwena{\"e}lle and Valette, Fr{\'e}d{\'e}ric and Zimmer, Sebastien},
  URL = {https://hal.inria.fr/inria-00556684},
  NOTE = {The original publication is available at www.springerlink.com},
  BOOKTITLE = {{Applied Cryptography and Network Security : 6th International Conference, ACNS 2008}},
  ADDRESS = {New York, United States},
  EDITOR = {Steven M. Bellovin and Rosario Gennaro and Angelos D. Keromytis and Moti Yung},
  SERIES = {Lecture Notes in Computer Science},
  VOLUME = {5037},
  PAGES = {411-428},
  YEAR = {2008},
  DOI = {10.1007/978-3-540-68914-0\_25},
  PDF = {https://hal.inria.fr/inria-00556684/file/acns08.pdf},
  HAL_ID = {inria-00556684},
  HAL_VERSION = {v1},
}

@article{GCMFailure,
author = {Joux, Antoine},
journal = {Universite de Versailles St-Quentin-en-Yvelines},
year = {2006},
month = {01},
pages = {},
title = {Authentication failures in NIST version of GCM}
}

@misc{langley_2014, title={ImperialViolet}, url={https://www.imperialviolet.org/2014/02/22/applebug.html}, journal={Atom}, author={Langley, Adam}, year={2014}, month={Apr},
note="[Accessed 20 November 2018]",
howpublished = "[online]"}

@misc{goodin_2015, title={Android apps still suffer game-over HTTPS defects 7 months later}, url={https://arstechnica.com/information-technology/2015/04/android-apps-still-suffer-game-over-https-defects-7-months-later/}, journal={Ars Technica}, publisher={Ars Technica}, author={Goodin, Dan}, year={2015}, month={Apr},
note="[Accessed 20 November 2018]",
howpublished = "[online]"}

@inproceedings{Onwuzurike:2015:DMM:2766498.2766522,
 author = {Onwuzurike, Lucky and De Cristofaro, Emiliano},
 title = {Danger is My Middle Name: Experimenting with SSL Vulnerabilities in Android Apps},
 booktitle = {Proceedings of the 8th ACM Conference on Security \& Privacy in Wireless and Mobile Networks},
 series = {WiSec '15},
 year = {2015},
 isbn = {978-1-4503-3623-9},
 location = {New York, New York},
 pages = {15:1--15:6},
 articleno = {15},
 numpages = {6},
 doi = {10.1145/2766498.2766522},
 acmid = {2766522},
 publisher = {ACM},
 address = {New York, NY, USA},
 keywords = {Android security, information leakage, privacy},
} 

@misc{goodin_2017, title={Majority of Android VPNs can't be trusted to make users more secure}, url={https://arstechnica.com/information-technology/2017/01/majority-of-android-vpns-cant-be-trusted-to-make-users-more-secure/}, journal={Ars Technica}, publisher={Ars Technica}, author={Goodin, Dan}, year={2017}, month={Jan},
note="[Accessed 20 November 2018]",
howpublished = "[online]"}

@misc{wirelesshack_2018, title={Best Kali Linux Compatible USB Adapter / Dongles}, url={https://www.wirelesshack.org/best-kali-linux-compatible-usb-adapter-dongles.html}, journal={WirelesSHack}, author={{WirelesSHack}}, year={2018}, month={Sep},
note="[Accessed 1 October 2018]",
howpublished = "[online]"}

@misc{kaliChipsetDrivers_2018, title={Buy the Best Wireless Network Adapter for Wi-Fi Hacking in 2018}, url={https://null-byte.wonderhowto.com/how-to/buy-best-wireless-network-adapter-for-wi-fi-hacking-2018-0178550/}, journal={WonderHowTo}, publisher={WonderHowTo}, author={Klaviatur and Chetouani, Yassir and Washburn, Jimmy and C, Dave and Goldstein, Kevin and Spilker, Louis and Smith, John and Donkerman, Ryan and Robinson, Joel and Nandan, Bharti and et al.}, year={2018}, month={Nov},
note="[Accessed 12 November 2018]",
howpublished = "[online]"}

@misc{nirsoft_2014, title={WifiChannelMonitor v1.58}, url={https://www.nirsoft.net/utils/wifi_channel_monitor.html}, journal={WebBrowserPassView - Recover lost passwords stored in your Web browser}, author={{NirSoft}}, year={2014},
note="[Accessed 10 December 2018]",
howpublished = "[online]"}

@misc{tamosoft, title={Multi-Channel Capturing}, url={https://www.tamos.com/htmlhelp/commwifi/multi-channel_capturing.htm}, journal={Wired and Wireless Network Analysis Software by TamoSoft}, author={{TamoSoft}},
note="[Accessed 10 December 2018]",
howpublished = "[online]"}

@misc{netspotapp_software_2019, 
title={Choose the best Wi-Fi channel with NetSpot Scanner}, url={https://www.netspotapp.com/wifi-channel-scanner.html}, journal={NetSpot}, 
publisher={Netspotapp software}, 
author={{Netspotapp software}}, 
year={2019}, 
month={Jan},
note="[Accessed 3 January 2019]",
howpublished = "[online]"}

@misc{levshova_2015, 
title={scanner, 3D analyzer and monitor for Windows 10 / Mobile}, 
url={http://wificommander.com/}, 
journal={WiFi Commander}, 
author={Levshova, Kateryna}, 
year={2015},
note="[Accessed 10 December 2018]",
howpublished = "[online]"}

@misc{vanhoefm_2018, title={Project krackattacks-poc-zerokey}, url={https://github.com/vanhoefm/krackattacks-poc-zerokey}, journal={GitHub}, author={Vanhoefm}, year={2018}, 
month={Mar},
note="[Accessed 31 October 2018]",
howpublished = "[online]"}

@mastersthesis{Samek_2017,
Author = {Samek, Jakub.},
Title = {FyzickÃ¡ lokalizace ÃºtoÄnÃ­kÅ¯ v sÃ­tÃ­ch WiFi.},
School = {ÄeskÃ© vysokÃ© uÄenÃ­ technickÃ© v Praze, Fakulta informaÄnÃ­ch technologiÃ­.},
Year = {2017},
language = {Czech}
}

@techreport{IEEEP802.11,
  author = {{IEEE}},
  title = {PeerKey Deletion Cleanup},
  year = {2018},
  month = {February},
  institution = {IEEE},
  url={https://www.google.com/url?sa=t&rct=j&q=&esrc=s&source=web&cd=1&ved=2ahUKEwiZkvqwoN_fAhVSMewKHbrCDIcQFjAAegQIBBAC&url=https\%3A\%2F\%2Fmentor.ieee.org\%2F802.11\%2Fdcn\%2F18\%2F11-18-0480-01-000m-peerkey-deletion-cleanup.docx\&usg=AOvVaw0JNdGiAj2bfqyG2yqreWVI},
  note="[Accessed 10 December 2018]",
  howpublished = "[online]"
}

@misc{zimperium_2018, title={How to Detect KRACK Man in the Middle Attacks | zIPS}, url={https://blog.zimperium.com/detecting-krack-man-in-the-middle-attacks/}, journal={Zimperium Mobile Security Blog}, author={{ZIMPERIUM}}, year={2018}, month={Sep},
note="[Accessed 20 December 2018]",
howpublished = "[online]"}

@misc{wi-fi_alliance_2017, title={Security Update October 2017}, url={https://www.wi-fi.org/security-update-october-2017}, journal={Wi-Fi Alliance}, author={{Wi-Fi Alliance}}, year={2017}, month={Oct},
note="[Accessed 10 October 2018]",
howpublished = "[online]"}

@misc{git_index:hostapd_12AD, title={Hostapd tests}, url={https://w1.fi/cgit/hostap/tree/tests/cipher-and-key-mgmt-testing.txt}, journal={hostapd and wpa}, author={Malinen, Jouni}, year={12AD}, month={Dec},
note="[Accessed 10 December 2018]",
howpublished = "[online]"}

@misc{malinen_2013, title={hostapd: IEEE 802.11 AP, IEEE 802.1X/WPA/WPA2/EAP/RADIUS Authenticator}, url={https://w1.fi/hostapd/}, journal={hostapd and wpa}, author={Malinen, Jouni}, year={2013}, month={Jan},
note="[Accessed 1 December 2018]",
howpublished = "[online]"}

@misc{malinen_2013_supplicant, title={Linux WPA/WPA2/IEEE 802.1X Supplicant}, url={https://w1.fi/wpa_supplicant/}, journal={hostapd and wpa}, author={Malinen, Jouni}, year={2013}, month={Jan},
note="[Accessed 1 December 2018]",
howpublished = "[online]"}

@misc{securingsam_2017, title={Project krackdetector}, url={https://github.com/securingsam/krackdetector}, journal={GitHub}, author={Securingsam}, year={2017}, month={Oct},
note="[Accessed 1 January 2019]",
howpublished = "[online]"}

@inproceedings{Zhang:2005:SPH:2101696.2101772,
 author = {Zhang, Fan and Ma, Jianfeng and Moon, SangJae},
 title = {The Security Proof of a 4-way Handshake Protocol in IEEE 802.11I},
 booktitle = {Proceedings of the 2005 International Conference on Computational Intelligence and Security - Volume Part II},
 series = {CIS'05},
 year = {2005},
 isbn = {3-540-30819-9, 978-3-540-30819-5},
 location = {Xi'an, China},
 pages = {488--493},
 numpages = {6},
 doi = {10.1007/11596981_72},
 acmid = {2101772},
 publisher = {Springer-Verlag},
 address = {Berlin, Heidelberg},
} 